@Article{hallquist2018,
  title = {MplusAutomation: An R Package for Facilitating Large-Scale Latent Variable Analyses in Mplus},
  author = {Hallquist, M. N. and Wiley, J. F.},
  journal = {Structural Equation Modeling: A Multidisciplinary Journal},
  year = {2018},
  volume = {25},
  number = {4},
  pages = {621--638},
}

@Book{muthen2017,
  title = {Mplus User's Guide},
  author = {Muthén, L.K. and Muthén, B.O.},
  publisher = {Muthén & Muthén},
  address = {Los Angeles, CA},
  year = {2017},
  edition = {8th},
}

@TechReport{usdoe2014,
  title = {Civil Rights Data Collection Data Snapshot: School Discipline},
  author = {{US Department of Education Office for Civil Rights}},
  year = {2014},
  number = {Issue Brief No. 1},
}

@Misc{rcore2017,
  title = {R: A Language and Environment for Statistical Computing},
  author = {{R Core Team}},
  year = {2017},
  note = {R Foundation for Statistical Computing, Vienna, Austria},
  url = {http://www.R-project.org/},
}

@Article{wickham2019,
  title = {Welcome to the tidyverse},
  author = {Wickham, H. and others},
  journal = {Journal of Open Source Software},
  year = {2019},
  volume = {4},
  number = {43},
  pages = {1686},
  doi = {https://doi.org/10.21105/joss.01686},
}

@Manual{rstudio2020,
  title = {RStudio: Integrated Development Environment for R},
  author = {RStudio, Inc.},
  year = {2020},
  note = {Available at \url{https://www.rstudio.com/}},
}